@inproceedings{DBLP:conf/icml/KalyanakrishnanTAS12,
  author    = {Shivaram Kalyanakrishnan and
               Ambuj Tewari and
               Peter Auer and
               Peter Stone},
  title     = {{PAC} Subset Selection in Stochastic Multi-armed Bandits},
  booktitle = {Proceedings of the 29th International Conference on Machine Learning,
               {ICML} 2012, Edinburgh, Scotland, UK, June 26 - July 1, 2012},
  year      = {2012},
  crossref  = {DBLP:conf/icml/2012},
  url       = {http://icml.cc/2012/papers/359.pdf},
  timestamp = {Wed, 03 Apr 2019 17:43:34 +0200},
  biburl    = {https://dblp.org/rec/bib/conf/icml/KalyanakrishnanTAS12},
  bibsource = {dblp computer science bibliography, https://dblp.org}
}

@inproceedings{Russo2016SimpleBA,
  title={Simple Bayesian Algorithms for Best Arm Identification},
  author={Daniel Russo},
  booktitle={COLT},
  year={2016}
}

@article{DBLP:journals/corr/Russo16,
  author    = {Daniel Russo},
  title     = {Simple Bayesian Algorithms for Best Arm Identification},
  journal   = {CoRR},
  volume    = {abs/1602.08448},
  year      = {2016},
  url       = {http://arxiv.org/abs/1602.08448},
  archivePrefix = {arXiv},
  eprint    = {1602.08448},
  timestamp = {Mon, 13 Aug 2018 16:46:21 +0200},
  biburl    = {https://dblp.org/rec/bib/journals/corr/Russo16},
  bibsource = {dblp computer science bibliography, https://dblp.org}
}

@article{chernoff1959,
  author = "Chernoff, Herman",
  doi = "10.1214/aoms/1177706205",
  fjournal = "The Annals of Mathematical Statistics",
  journal = "Ann. Math. Statist.",
  month = "09",
  number = "3",
  pages = "755--770",
  publisher = "The Institute of Mathematical Statistics",
  title = "Sequential Design of Experiments",
  url = "https://doi.org/10.1214/aoms/1177706205",
  volume = "30",
  year = "1959"
}

@book{Boyd:2004:CO:993483,
  author = {Boyd, Stephen and Vandenberghe, Lieven},
  title = {Convex Optimization},
  year = {2004},
  isbn = {0521833787},
  publisher = {Cambridge University Press},
  address = {New York, NY, USA},
}

@article{Baldassano,
  author = {Baldassano, Christopher and Leonard, Naomi},
  year = {2019},
  month = {11},
  pages = {},
  title = {Explore vs. Exploit: Task Allocation for Multi-robot Foraging}
}

@book{Szepesvari:2010:ARL:1855083,
 author = {Szepesvari, Csaba},
 title = {Algorithms for Reinforcement Learning},
 year = {2010},
 isbn = {1608454924, 9781608454921},
 publisher = {Morgan and Claypool Publishers},
}

@article{DBLP:journals/corr/abs-1811-12560,
  author    = {Vincent Fran{\c{c}}ois{-}Lavet and
               Peter Henderson and
               Riashat Islam and
               Marc G. Bellemare and
               Joelle Pineau},
  title     = {An Introduction to Deep Reinforcement Learning},
  journal   = {CoRR},
  volume    = {abs/1811.12560},
  year      = {2018},
  url       = {http://arxiv.org/abs/1811.12560},
  archivePrefix = {arXiv},
  eprint    = {1811.12560},
  timestamp = {Mon, 03 Dec 2018 07:50:28 +0100},
  biburl    = {https://dblp.org/rec/bib/journals/corr/abs-1811-12560},
  bibsource = {dblp computer science bibliography, https://dblp.org}
}

@inproceedings{McInerney:2018:EEE:3240323.3240354,
  author = {McInerney, James and Lacker, Benjamin and Hansen, Samantha and Higley, Karl and Bouchard, Hugues and Gruson, Alois and Mehrotra, Rishabh},
  title = {Explore, Exploit, and Explain: Personalizing Explainable Recommendations with Bandits},
  booktitle = {Proceedings of the 12th ACM Conference on Recommender Systems},
  series = {RecSys '18},
  year = {2018},
  isbn = {978-1-4503-5901-6},
  location = {Vancouver, British Columbia, Canada},
  pages = {31--39},
  numpages = {9},
  url = {http://doi.acm.org/10.1145/3240323.3240354},
  doi = {10.1145/3240323.3240354},
  acmid = {3240354},
  publisher = {ACM},
  address = {New York, NY, USA},
}

@INPROCEEDINGS{5360225,
  author={D. {Agarwal} and B. {Chen} and P. {Elango}},
  booktitle={2009 Ninth IEEE International Conference on Data Mining},
  title={Explore/Exploit Schemes for Web Content Optimization},
  year={2009},
  volume={},
  number={},
  pages={1-10},
  doi={10.1109/ICDM.2009.52},
  ISSN={},
  month={Dec},
}

@inproceedings{kaufmann2013information,
  title={Information complexity in bandit subset selection},
  author={Kaufmann, Emilie and Kalyanakrishnan, Shivaram},
  booktitle={Conference on Learning Theory},
  pages={228--251},
  year={2013}
}
